% ....názov súboru je: zdroje.bib
% článok v časopise
@ARTICLE{7586059,
	author={Sun, Daniel and Fekete, Alan and Gramoli, Vincent and Li, Guoqiang and Xu, Xiwei and Zhu, Liming},
	journal={IEEE Transactions on Dependable and Secure Computing}, 
	title={R<sup>2</sup>C: Robust rolling-upgrade in clouds}, 
	year={2018},
	volume={15},
	number={5},	
	pages={811-823},
	doi={10.1109/TDSC.2016.2615919}
}

% článok v zborníku
@INPROCEEDINGS{7034783,
	author={Sun, Daniel and Bass, Len and Fekete, Alan and Gramoli, Vincent and Tran, An Binh and Xu, Sherry and Zhu, Liming},
	booktitle={2014 IEEE Fourth International Conference on Big Data and Cloud Computing}, 
	title={Quantifying Failure Risk of Version Switch for Rolling Upgrade on Clouds}, 
	year={2014},
	volume={},
	number={},
	pages={175-182},
	doi={10.1109/BDCloud.2014.16}
}

% zdroj na webe
@misc{web1,
	author = "Stephen J. Bigelow",	
	title = "Rolling deployment ",
	howpublished = "\url{https://searchitoperations.techtarget.com/definition/rolling-deployment}",
}

% zdroj na webe
@misc{web2,
	author = "Alex Newth",
	title = "What Is a Rolling Release? ",
	howpublished = "\url{https://www.easytechjunkie.com/what-is-a-rolling-release.htm}",
}

% zdroj obrázka na webe
@misc@{picture,
	picture = "Obrazok 2 ",	
	name = "RampedDep1.png",
	howpublished = "\url{https://codefresh.io/kubernetes-tutorial/continuous-deployment-strategies-kubernetes-2/}",
}